@misc{stork_systematic_2006,
	title ={Systematic {Evaluation} of {Satellite} {Remote} {Sensing} for {Identifying} {Uranium} {Mines} and {Mills}},
	url = {Sandia National Laboratories},
	number = {SAND2005-7791},
	author = {Stork, Christopher and Smartt, Heidi and Blair, Dianna and Smith, Jodi},
	year = {2006}
}
@article{ferreira_radiometric_2012,
	title = {Radiometric Evaluation in a Uranium Mine under a Decommisioning Process},
	volume = {2},
	number = {1},
	journal = {Energy and Environment Research},
	author = {Ferreira, Vinicius and Filho, Carlos and Rodrigues, Paulo and Fleming, Peter and Meira-Belo, Luiz},
	url = {http://dx.doi.org/10.5539/eer.v2n1p13},
	year = {2012},
	pages = {13}


}



