%% This BibTeX bibliography file was created using BibDesk.
%% http://bibdesk.sourceforge.net/


%% Created for Meghan McGarry at 2017-06-07 17:11:55 -0500 


%% Saved with string encoding Unicode (UTF-8) 



@article{sagan_2012,
	Author = {Sagan, Scott D},
	Da = {2012///},
	Date-Added = {2017-06-07 22:07:00 +0000},
	Date-Modified = {2017-06-07 22:07:00 +0000},
	Title = {Why do states build nuclear weapons? Three models in search of a bomb},
	Ty = {JOUR},
	Year = {2012}}

@article{montgomery_2009,
	Author = {Montgomery, Alexander H and Sagan, Scott D},
	Booktitle = {Journal of Conflict Resolution},
	Da = {2009///},
	Date-Added = {2017-06-07 22:07:00 +0000},
	Date-Modified = {2017-06-07 22:07:00 +0000},
	Isbn = {0022-0027},
	J2 = {Journal of Conflict Resolution},
	Number = {2},
	Pages = {302--328},
	Title = {The perils of predicting proliferation},
	Ty = {JOUR},
	Volume = {53},
	Year = {2009}}

@book{hymans_2012,
	Author = {Hymans, Jacques EC},
	Da = {2012///},
	Date-Added = {2017-06-07 22:07:00 +0000},
	Date-Modified = {2017-06-07 22:07:00 +0000},
	Isbn = {1-107-37680-7},
	Publisher = {Cambridge University Press},
	Title = {Achieving nuclear ambitions: scientists, politicians, and proliferation},
	Ty = {BOOK},
	Year = {2012}}

@techreport{oecd_uranium_2014,
	Author = {OECD},
	Da = {2014///},
	Date-Added = {2017-06-07 22:07:00 +0000},
	Date-Modified = {2017-06-07 22:07:00 +0000},
	Publisher = {Organisation for Economic Co-operation and Development},
	Title = {Uranium 2014: Resources, Production and Demand},
	Ty = {RPRT},
	Url = {https://www.oecd-nea.org/ndd/pubs/2014/7209-uranium-2014.pdf},
	Year = {2014},
	Bdsk-Url-1 = {https://www.oecd-nea.org/ndd/pubs/2014/7209-uranium-2014.pdf}}

@article{iaea_reactor_2010,
	Author = {Pris, Iaea},
	Da = {2010///},
	Date-Added = {2017-06-07 22:07:00 +0000},
	Date-Modified = {2017-06-07 22:07:00 +0000},
	Title = {Power reactor information system},
	Ty = {JOUR},
	Year = {2010}}

@article{singh_2004,
	Author = {Singh, Sonali and Way, Christopher R},
	Booktitle = {Journal of Conflict Resolution},
	Da = {2004///},
	Date-Added = {2017-06-07 22:07:00 +0000},
	Date-Modified = {2017-06-07 22:07:00 +0000},
	Isbn = {0022-0027},
	J2 = {Journal of Conflict Resolution},
	Number = {6},
	Pages = {859--885},
	Title = {The correlates of nuclear proliferation: A quantitative test},
	Ty = {JOUR},
	Volume = {48},
	Year = {2004}}

@article{fuhrmann_2009,
	Author = {Fuhrmann, Matthew},
	Booktitle = {International security},
	Da = {2009///},
	Date-Added = {2017-06-07 22:07:00 +0000},
	Date-Modified = {2017-06-07 22:07:00 +0000},
	J2 = {International security},
	Number = {1},
	Pages = {7--41},
	Title = {Spreading temptation: proliferation and peaceful nuclear cooperation agreements},
	Ty = {JOUR},
	Volume = {34},
	Year = {2009}}

@article{fuhrmann_2015,
	Author = {Fuhrmann, Matthew and Tkach, Benjamin},
	Booktitle = {Conflict Management and Peace Science},
	Da = {2015///},
	Date-Added = {2017-06-07 22:07:00 +0000},
	Date-Modified = {2017-06-07 22:07:00 +0000},
	Isbn = {0738-8942},
	J2 = {Conflict Management and Peace Science},
	Pages = {0738894214559672},
	Title = {Almost nuclear: introducing the nuclear latency dataset},
	Ty = {JOUR},
	Year = {2015}}

@article{perlo_2017,
	Author = {Perlo-Freeman, Sam},
	Booktitle = {Defence and Peace Economics},
	Da = {2017///},
	Date-Added = {2017-06-07 22:07:00 +0000},
	Date-Modified = {2017-06-07 22:07:00 +0000},
	Isbn = {1024-2694},
	J2 = {Defence and Peace Economics},
	Pages = {1--18},
	Title = {SIPRI's New Long Data-set on Military Expenditure: The Successes and Methodological Pitfalls},
	Ty = {JOUR},
	Year = {2017}}

@article{leeds_2005,
	Author = {Leeds, Brett Ashley},
	Booktitle = {Manuscript. Rice University},
	Da = {2005///},
	Date-Added = {2017-06-07 22:07:00 +0000},
	Date-Modified = {2017-06-07 22:07:00 +0000},
	J2 = {Manuscript. Rice University},
	Title = {Alliance treaty obligations and provisions (ATOP) Codebook, version 3.0},
	Ty = {JOUR},
	Year = {2005}}

@article{li_2010,
	Author = {Li, Jun and Yim, Man-Sung and McNelis, David N},
	Booktitle = {Progress in Nuclear Energy},
	Da = {2010///},
	Date-Added = {2017-06-07 22:07:00 +0000},
	Date-Modified = {2017-06-07 22:07:00 +0000},
	Isbn = {0149-1970},
	J2 = {Progress in Nuclear Energy},
	Number = {8},
	Pages = {789--808},
	Title = {Model-based calculations of the probability of a country's nuclear proliferation decisions},
	Ty = {JOUR},
	Volume = {52},
	Year = {2010}}

@article{perlo_2009,
	Author = {Perlo-Freeman, Sam and Perdomo, Catalina and Sk{\"o}nsand, Elisabeth and St{\^a}lenheim, Petter},
	Booktitle = {SIPRI Yearbook 2009: Arms, Disarmament and International Security},
	Da = {2009///},
	Date-Added = {2017-06-07 22:07:00 +0000},
	Date-Modified = {2017-06-07 22:07:00 +0000},
	J2 = {SIPRI Yearbook 2009: Arms, Disarmament and International Security},
	Title = {Military expenditure},
	Ty = {JOUR},
	Year = {2009}}

@book{marshall_2002,
	Author = {Marshall, Monty G and Jaggers, Keith and Gurr, Ted Robert},
	Da = {2002///},
	Date-Added = {2017-06-07 22:07:00 +0000},
	Date-Modified = {2017-06-07 22:07:00 +0000},
	Publisher = {Center for International Development and Conflict Management at the University of Maryland College Park},
	Title = {Polity IV project},
	Ty = {BOOK},
	Year = {2002}}

@article{themner_2012,
	Author = {Themn{\'e}r, Lotta and Wallensteen, Peter},
	Booktitle = {Journal of peace research},
	Da = {2012///},
	Date-Added = {2017-06-07 22:07:00 +0000},
	Date-Modified = {2017-06-07 22:07:00 +0000},
	Isbn = {0022-3433},
	J2 = {Journal of peace research},
	Number = {4},
	Pages = {565--575},
	Title = {Armed Conflicts, 1946--2011},
	Ty = {JOUR},
	Volume = {49},
	Year = {2012}}
