@article{cyclus_v1_0,
author = " Robert W. Carlsen and Matthew Gidden and Kathryn Huff and  Arrielle C. Opotowsky and Olzhas Rakhimov and  Anthony M. Scopatz and Zach Welch and Paul Wilson",
title = "{Cyclus v1.0.0}",
year = "2014",
month = "06",
url = "http://dx.doi.org/10.6084/m9.figshare.1041745"
}

@article{cyclus_v1_2,
author = "Robert Carlsen and Robert Flanagan and Matthew Gidden and Anthony Scopatz and John D. Xia",
title = "{Cyclus v1.2.0}",
year = "2014",
month = "12",
url = "http://dx.doi.org/10.6084/m9.figshare.1256424"
}

@article{cyclus_v1_3,
author = "Robert Carlsen and Robert Flanagan and Matthew Gidden and Kathryn Huff and Meghan McGarry and Arrielle Opotowsky and Anthony Scopatz and Paul Wilson and John Xia",
title = "{Cyclus v1.3.0}",
year = "2015",
month = "07",
url = "http://dx.doi.org/10.6084/m9.figshare.1427429"
}

@book{taylor2014agent,
  title={Agent-based Modeling and Simulation},
  author={Taylor, Simon},
  year={2014},
  publisher={Palgrave Macmillan}
}

@inproceedings{Scopatz2012b,
author = {Anthony Scopatz and Paul K. Romano and Paul P.H. Wilson and Kathryn D. Huff},
address = {San Diego, CA, USA},
booktitle = {Am. Nuc. Soc. Winter Meeting 2012},
month = Nov,
title = {{PyNE: Python for Nuclear Engineering}},
volume={107},
year = {2012}
}

ONLINE{pyne2014,
author = {{the PyNE Development Team}},
title = {{PyNE: The Nuclear Engineering Toolkit}},
year = {2014},
url = {http://pyne.io}
}

@phdthesis{huff_integrated:_2013,
	title = {An {Integrated} {Used} {Fuel} {Disposition} and {Generic} {Repository} {Model} for {Fuel} {Cycle} {Analysis}},
	author = {Huff, Kathryn D.},
	school = {University of Wisconsin - Madison},
	year = {2013}
}
